@article{TKF91,
year={1991},
issn={0022-2844},
journal={Journal of Molecular Evolution},
volume={33},
number={2},
doi={10.1007/BF02193625},
title={{An evolutionary model for maximum likelihood alignment of DNA
  sequences}},
url={http://dx.doi.org/10.1007/BF02193625},
publisher={Springer-Verlag},
keywords={DNA sequence alignment; Maximum likelihood procedure; Dynamic programming; Evolutionary model; Insertion-deletion model},
author={Thorne, Jeffrey and Kishino, Hirohisa and Felsenstein, Joseph},
pages={114-124},
language={English}
}
