@MISC{Defour01correctlyrounded,
    author = {David Defour and Florent de Dinechin and Jean-Michel Muller},
    title = {Correctly Rounded Exponential Function in Double Precision Arithmetic},
    year = {2001}
}

@MISC{Daramy04,
    author = {Catherine Daramy and David Defour and Florent de Dinechin and Matthieu Gallet and Nicolas Gast and Jean-Michel Muller},
    title = {CR-LIBM -- A library of correctly rounded elementary functions in double-precision},
    year = {2004}
}

@article{Thorne91tkf,
year={1991},
issn={0022-2844},
journal={Journal of Molecular Evolution},
volume={33},
number={2},
doi={10.1007/BF02193625},
title={An evolutionary model for maximum likelihood alignment of DNA sequences},
url={http://dx.doi.org/10.1007/BF02193625},
publisher={Springer-Verlag},
keywords={DNA sequence alignment; Maximum likelihood procedure; Dynamic programming; Evolutionary model; Insertion-deletion model},
author={Thorne, JeffreyL. and Kishino, Hirohisa and Felsenstein, Joseph},
pages={114-124},
language={English}
}

@article{NeedleWunsch,
title = "A general method applicable to the search for similarities in the amino acid sequence of two proteins ",
journal = "Journal of Molecular Biology ",
volume = "48",
number = "3",
pages = "443 - 453",
year = "1970",
note = "",
issn = "0022-2836",
doi = "http://dx.doi.org/10.1016/0022-2836(70)90057-4",
url = "http://www.sciencedirect.com/science/article/pii/0022283670900574",
author = "Saul B. Needleman and Christian D. Wunsch"
}

@misc{boost,
title={Boost {Multiprecision}},
howpublished={\url{http://www.boost.org/doc/libs/1_59_0/libs/multiprecision/}},
note={Accessed 08.09.2015}
}

@article{Kahan,
 author = {Kahan, W.},
 title = {Pracniques: Further Remarks on Reducing Truncation Errors},
 journal = {Commun. ACM},
 issue_date = {Jan. 1965},
 volume = {8},
 number = {1},
 month = jan,
 year = {1965},
 issn = {0001-0782},
 pages = {40--},
 url = {http://doi.acm.org/10.1145/363707.363723},
 doi = {10.1145/363707.363723},
 acmid = {363723},
 publisher = {ACM},
 address = {New York, NY, USA},
}

@misc{stackoverflow,
title={How to deal with underflow in scientific computing},
howpublished={\url{http://stackoverflow.com/questions/9336701/how-to-deal-with-underflow-in-scientific-computing/9342513#9342513}},
note={Accessed 08.09.2015}
}
