

@article{holmes2001evolutionary,
  title={Evolutionary HMMs: a Bayesian approach to multiple alignment},
  author={Holmes, Ian and Bruno, William J},
  journal={Bioinformatics},
  volume={17},
  number={9},
  pages={803--820},
  year={2001},
  publisher={Oxford Univ Press}
}
@article{hein2000statistical,
  title={{Statistical alignment: computational properties, homology testing and goodness-of-fit}},
  author={Hein, J and Wiuf, Carsten and Knudsen, B and M{\o}ller, MB and Wibling, G},
  journal={Journal of Molecular Biology},
  volume={302},
  number={1},
  pages={265--279},
  year={2000},
  publisher={Elsevier}
}

@article{suchard2006bali,
  title={BAli-Phy: simultaneous Bayesian inference of alignment and phylogeny},
  author={Suchard, Marc A and Redelings, Benjamin D},
  journal={Bioinformatics},
  volume={22},
  number={16},
  pages={2047--2048},
  year={2006},
  publisher={Oxford Univ Press}
}
@misc{boost,
title={Boost {Multiprecision}},
howpublished={\url{http://www.boost.org/doc/libs/1_59_0/libs/multiprecision/}},
note={Accessed 08.09.2015}
}
@MISC{Defour01correctlyrounded,
    author = {David Defour and Florent de Dinechin and Jean-Michel Muller},
    title = {Correctly Rounded Exponential Function in Double Precision Arithmetic},
    year = {2001}
}
@MISC{Daramy04,
    author = {Catherine Daramy and David Defour and Florent de Dinechin and Matthieu Gallet and Nicolas Gast and Jean-Michel Muller},
    title = {CR-LIBM -- A library of correctly rounded elementary functions in double-precision},
    year = {2004}
}

@article{TKF91,
year={1991},
issn={0022-2844},
journal={Journal of Molecular Evolution},
volume={33},
number={2},
doi={10.1007/BF02193625},
title={{An evolutionary model for maximum likelihood alignment of DNA
  sequences}},
url={http://dx.doi.org/10.1007/BF02193625},
publisher={Springer-Verlag},
keywords={DNA sequence alignment; Maximum likelihood procedure; Dynamic programming; Evolutionary model; Insertion-deletion model},
author={Thorne, Jeffrey and Kishino, Hirohisa and Felsenstein, Joseph},
pages={114-124},
language={English}
}

@article{bininda2005transalign,
  title={{transAlign: using amino acids to facilitate the multiple alignment of protein-coding DNA sequences}},
  author={Bininda-Emonds, Olaf RP},
  journal={BMC Bioinformatics},
  volume={6},
  number={1},
  pages={156},
  year={2005},
  publisher={BioMed Central Ltd}
}

@article{felsenstein1981evolutionary,
  title={Evolutionary trees from DNA sequences: a maximum likelihood approach},
  author={Felsenstein, Joseph},
  journal={Journal of molecular evolution},
  volume={17},
  number={6},
  pages={368--376},
  year={1981},
  publisher={Springer}
}